<record><leader>00000cas a22000007a 4500</leader><controlfield tag="001">9813505</controlfield><controlfield tag="008">830816d18831909nyuwr ne      0    0eng d</controlfield><datafield ind1=" " ind2=" " tag="010"><subfield code="a">sn 83031166 </subfield></datafield><datafield ind1=" " ind2=" " tag="040"><subfield code="a">NPU</subfield><subfield code="b">eng</subfield><subfield code="c">NPU</subfield><subfield code="d">NYS</subfield><subfield code="d">OCLCQ</subfield></datafield><datafield ind1=" " ind2=" " tag="042"><subfield code="a">msc</subfield></datafield><datafield ind1="0" ind2=" " tag="130"><subfield code="a">Weekly star (Glens Falls, N.Y.)</subfield></datafield><datafield ind1="1" ind2="4" tag="245"><subfield code="a">The Weekly star.</subfield></datafield><datafield ind1=" " ind2=" " tag="260"><subfield code="a">Glens Falls, N.Y. :</subfield><subfield code="b">Star Pub. Co.</subfield></datafield><datafield ind1=" " ind2=" " tag="300"><subfield code="a">v. :</subfield><subfield code="b">ill. ;</subfield><subfield code="c">62 cm.</subfield></datafield><datafield ind1=" " ind2=" " tag="310"><subfield code="a">Weekly</subfield></datafield><datafield ind1="1" ind2=" " tag="362"><subfield code="a">Began in 1883; ceased in 1909.</subfield><subfield code="z">Cf. Gregory, Amer. newspapers.</subfield></datafield><datafield ind1=" " ind2=" " tag="580"><subfield code="a">Also published in daily edition called: Morning star.</subfield></datafield><datafield ind1=" " ind2=" " tag="588"><subfield code="a">Description based on: Vol. 6, no. 26 (Jan. 24, 1890).</subfield></datafield><datafield ind1=" " ind2="4" tag="651"><subfield code="a">Glens Falls (N.Y.)</subfield><subfield code="v">Newspapers.</subfield></datafield><datafield ind1=" " ind2=" " tag="752"><subfield code="a">United States</subfield><subfield code="b">New York</subfield><subfield code="c">Warren</subfield><subfield code="d">Glens Falls.</subfield></datafield><datafield ind1="1" ind2=" " tag="775"><subfield code="t">Morning star</subfield><subfield code="b">Daily ed.</subfield></datafield><datafield ind1="0" ind2="4" tag="785"><subfield code="t">Glen's Falls messenger</subfield><subfield code="w">(DLC)sn 83031133</subfield></datafield><datafield ind1="1" ind2=" " tag="029"><subfield code="a">AU@</subfield><subfield code="b">000020407900</subfield></datafield></record>